% Encoding: UTF-8

%%%
%
%Beim Erstellen der Bibtex-Datei wird empfohlen darauf zu achten, dass die DOI aufgeführt wird.
%
%%%


@book{clayberg2006eclipse,
  title={Eclipse: building commercial-quality plug-ins},
  author={Clayberg, Eric and Rubel, Dan},
  year={2006},
  publisher={Pearson Education}
}

@MastersThesis{Speth2019,
  author = {Sandro Speth},
  title  = {Issue Management for Multi-Project, Multi-Team Microservice Architectures},
  school = {University of Stuttgart},
  year   = {2019},
}

@InProceedings{kang2016container,
  author       = {Kang, Hui and Le, Michael and Tao, Shu},
  title        = {Container and microservice driven design for cloud infrastructure devops},
  booktitle    = {2016 IEEE International Conference on Cloud Engineering (IC2E)},
  year         = {2016},
  organization = {IEEE},
  pages        = {202--211},
  doi          = {10.1109/ic2e.2016.26},
}

@Book{burnette2005eclipse,
  title     = {Eclipse IDE Pocket Guide: Using the Full-Featured IDE},
  publisher = {" O'Reilly Media, Inc."},
  year      = {2005},
  author    = {Burnette, Ed},
}

@Article{segura2019extremo,
  author    = {Segura, {\'A}ngel Mora and de Lara, Juan},
  title     = {Extremo: An Eclipse plugin for modelling and meta-modelling assistance},
  journal   = {Science of Computer Programming},
  year      = {2019},
  volume    = {180},
  pages     = {71--80},
  doi       = {10.31219/osf.io/hpwu3},
  publisher = {Elsevier},
}

@Article{hajji2019onto2db,
  author  = {Hajji, Morad and Qbadou, Mohammed and Mansouri, Khalifa},
  title   = {Onto2DB: towards an eclipse plugin for automated database design from an ontology.},
  journal = {International Journal of Electrical \& Computer Engineering (2088-8708)},
  year    = {2019},
  volume  = {9},
  doi     = {10.11591/ijece.v9i4.pp3298-3306},
}

@Article{iqbal2009integrating,
  author  = {Iqbal, Aftab and Ureche, Oana and Hausenblas, Michael},
  title   = {Integrating linked data driven software development interaction into an IDE},
  journal = {SWESE 2009},
  year    = {2009},
  pages   = {73},
}

@InProceedings{wasserman1990tool,
  author       = {Wasserman, Anthony I},
  title        = {Tool integration in software engineering environments},
  booktitle    = {Software Engineering Environments},
  year         = {1990},
  pages        = {137--149},
  organization = {Springer},
}

@InProceedings{mahmood2015identifying,
  author       = {Mahmood, Sajjad and Niazi, Mahmood and Hussain, Akhtar},
  title        = {Identifying the challenges for managing component-based development in global software development: Preliminary results},
  booktitle    = {2015 Science and Information Conference (SAI)},
  year         = {2015},
  organization = {IEEE},
  pages        = {933--938},
  doi          = {10.1109/sai.2015.7237254},
}

@InProceedings{speth2020gropius,
  author       = {Speth, Sandro and Breitenb{\"u}cher, Uwe and Becker, Steffen},
  title        = {Gropius—A Tool for Managing Cross-component Issues},
  booktitle    = {European Conference on Software Architecture},
  year         = {2020},
  organization = {Springer},
  pages        = {82--94},
}

@Comment{jabref-meta: databaseType:biblatex;}
